@ARTICLE{Musser97introspectivesorting,
    author = {David Musser},
    title = {Introspective Sorting and Selection Algorithms},
    journal = {Software Practice and Experience},
    year = {1997},
    volume = {27},
    pages = {983--993}
}

@INPROCEEDINGS{Paredes06optimalincremental,
    author = {Rodrigo Paredes and Gonzalo Navarro},
    title = {Optimal incremental sorting},
    booktitle = {In Proc. 8th Workshop on Algorithm Engineering and Experiments (ALENEX},
    year = {2006},
    pages = {171--182},
    publisher = {SIAM Press}
}

@article{NPalgor09,
    TITLE = {On Sorting, Heaps, and Minimum Spanning Trees},
    AUTHOR = {G.{}~Navarro and R.~Paredes},
    JOURNAL = {Algorithmica},
    PUBLISHER = {Springer},
    NOTE = {doi:10.1007/s00453-010-9400-6},
    Volume = {57},
    number = {4},
    pages = {585--620},
    YEAR = {2010}
}

@article{Hoa61,
        Author = {C.~A.~R.~Hoare},
        Date-Added = {2006-08-09 12:55:48 -0400},
        Date-Modified = {2006-08-09 12:55:48 -0400},
        Journal = {Comm.~of the ACM},
        Number = 7, 
        Pages = {321-322},
        Title = {Algorithm 65 ({\sc find})},
        Volume = 4, 
        Year = 1961}

@article{Hoa62,
 Author = {C.~A.~R.~Hoare},
 Date-Added = {2006-08-09 12:55:56 -0400},
 Date-Modified = {2006-08-09 12:55:56 -0400},
 Journal = {Computer Journal},
 Number = 1,
 Pages = {10-15},
 Title = {Quicksort},
 Volume = 5,
 Year = 1962}

@ARTICLE{Blum73timebounds,
    author = {Manuel Blum and Robert W. Floyd and Vaughan Pratt and Ronald L. Rivest and Robert and E. Tarjan},
    title = {Time bounds for selection},
    journal = {JCSS},
    year = {1973},
    pages = {448--461}
}

@book{Cormen:2001:IA:580470,
 author = {Cormen, Thomas H. and Stein, Clifford and Rivest, Ronald L. and Leiserson, Charles E.},
 title = {Introduction to Algorithms},
 year = {2001},
 isbn = {0070131511},
 edition = {2nd},
 publisher = {McGraw-Hill Higher Education},
} 

@book{Knuth:1998:ACP:280635,
 author = {Knuth, Donald E.},
 title = {The Art of Computer Programming,  Volume 3: (2Nd Ed.) Sorting and Searching},
 year = {1998},
 isbn = {0-201-89685-0},
 publisher = {Addison Wesley Longman Publishing Co., Inc.},
 address = {Redwood City, CA, USA},
} 
